<?xml version="1.0" encoding="UTF-8"?><record xmlns="http://www.loc.gov/MARC21/slim" xmlns:cinclude="http://apache.org/cocoon/include/1.0" xmlns:zs="http://www.loc.gov/zing/srw/">
  <leader>00640cz  a2200181n  4500</leader>
  <controlfield tag="001">nr2001027875</controlfield>
  <controlfield tag="003">DLC</controlfield>
  <controlfield tag="005">20080920075929.0</controlfield>
  <controlfield tag="008">010713n| acannaabn          |b aaa      </controlfield>
  <datafield tag="010" ind1=" " ind2=" ">
    <subfield code="a">nr2001027875</subfield>
  </datafield>
  <datafield tag="035" ind1=" " ind2=" ">
    <subfield code="a">(OCoLC)oca05534399</subfield>
  </datafield>
  <datafield tag="040" ind1=" " ind2=" ">
    <subfield code="a">DLC-R</subfield>
    <subfield code="b">eng</subfield>
    <subfield code="c">DLC-R</subfield>
    <subfield code="d">OCoLC</subfield>
  </datafield>
  <datafield tag="100" ind1="1" ind2=" ">
    <subfield code="a">Paek, Mun-gyu,</subfield>
    <subfield code="d">1914-</subfield>
  </datafield>
  <datafield tag="400" ind1="1" ind2=" ">
    <subfield code="a">Paik, Moon Kyu,</subfield>
    <subfield code="d">1914-</subfield>
  </datafield>
  <datafield tag="400" ind1="1" ind2=" ">
    <subfield code="a">白文珪,</subfield>
    <subfield code="d">1914-</subfield>
  </datafield>
  <datafield tag="667" ind1=" " ind2=" ">
    <subfield code="a">Machine-derived non-Latin script reference project.</subfield>
  </datafield>
  <datafield tag="667" ind1=" " ind2=" ">
    <subfield code="a">Non-Latin script reference not evaluated.</subfield>
  </datafield>
  <datafield tag="670" ind1=" " ind2=" ">
    <subfield code="a">Paek Mun-gyu hoegorok, 1997:</subfield>
    <subfield code="b">t.p. (Paek Mun-gyu) p. 15, etc. (b. 09-03-14 in Pʻyŏngan-pukto Ŭiju-gun; Moon Kyu Paik [in rom.])</subfield>
  </datafield>
</record>